@article{shennan1982,
  title={Interpretation of Flandrian sea-level data from the Fenland, England},
  author={Shennan, I},
  journal={Proceedings of the Geologists' Association},
  volume={93},
  number={1},
  pages={53--63},
  year={1982},
  publisher={Elsevier}
}

@article{shennan1983,
  title={Analysis and interpretation of Holocene sea-level data},
  author={Shennan, Ian and Tooley, Michael J and Davis, Martin J and Haggart, B Andrew},
  journal={Nature},
  volume={302},
  number={5907},
  pages={404--406},
  year={1983},
  publisher={Nature Publishing Group}
}

@Inbook{VanDePlassche1986,
author="Van De Plassche, O.",
editor="van de Plassche, Orson",
title="Introduction",
bookTitle="Sea-Level Research: a manual for the collection and evaluation of data",
year="1986",
publisher="Springer Netherlands",
address="Dordrecht",
pages="1--26",
isbn="978-94-009-4215-8",
doi="10.1007/978-94-009-4215-8_1",
url="https://doi.org/10.1007/978-94-009-4215-8_1"
}

@article{khan2019,
  title={Inception of a global atlas of sea levels since the Last Glacial Maximum},
  author={Khan, Nicole S and Horton, Benjamin P and Engelhart, Simon and Rovere, Alessio and Vacchi, Matteo and Ashe, Erica L and T{\"o}rnqvist, Torbj{\"o}rn E and Dutton, Andrea and Hijma, Marc P and Shennan, Ian},
  journal={Quaternary Science Reviews},
  volume={220},
  pages={359--371},
  year={2019},
  publisher={Elsevier}
}

@article{dusterhus2016,
  title={Palaeo-sea-level and palaeo-ice-sheet databases: problems, strategies, and perspectives},
  author={D{\"u}sterhus, Andr{\'e} and Rovere, Alessio and Carlson, Anders E and Horton, Benjamin P and Klemann, Volker and Tarasov, Lev and Barlow, Natasha LM and Bradwell, Tom and Clark, Jorie and Dutton, Andrea and others},
  journal={Climate of the Past},
  volume={12},
  number={4},
  pages={911--921},
  year={2016},
  publisher={Copernicus GmbH}
}

@article{mann2019holocene,
  title={Holocene sea levels in southeast Asia, Maldives, India and Sri Lanka: the SEAMIS database},
  author={Mann, Thomas and Bender, Maren and Lorscheid, Thomas and Stocchi, Paolo and Vacchi, Matteo and Switzer, Adam D and Rovere, Alessio},
  journal={Quaternary Science Reviews},
  volume={219},
  pages={112--125},
  year={2019},
  publisher={Elsevier}
}

@article{paleoseal2020, title={PALEO-SEAL: visualization and sharing of Holocene sea-level data}, DOI={10.5281/zenodo.4394223}, abstractNote={<p>PALEO-SEAL is an easily deployable and scalable web interface that allows the visualization and download of Holocene sea-level index points. The data displayed in the interface are hosted in a MySQL database. The database structure follows the template of the HOLSEA project (Long-form version, that can be retrieved from&nbsp;<a href="https://www.holsea.org/archive-your-data">www.holsea.org</a>), and is described by Khan et al., 2019 (Quaternary Science Reviews)</p>}, publisher={Zenodo}, author={Drechsel, Jan and Rovere, Alessio}, year={2020}, month={Dec}}

